<?xml version="1.0" encoding="UTF-8"?><collection xmlns="http://www.loc.gov/MARC21/slim"><record><leader>00604nam--2200181-i-4500</leader><controlfield tag="001">000019802</controlfield><controlfield tag="002">20161230</controlfield><controlfield tag="005">20161230201033</controlfield><controlfield tag="008">060222s1000------------r-----000-0-fre-d</controlfield><datafield ind1=" " ind2=" " tag="040"><subfield code="a">IFIN-HH</subfield></datafield><datafield ind1=" " ind2=" " tag="041"><subfield code="a">fre</subfield></datafield><datafield ind1=" " ind2=" " tag="080"><subfield code="a">533.951(043)</subfield></datafield><datafield ind1="1" ind2=" " tag="100"><subfield code="a">Dudek, J.C</subfield></datafield><datafield ind1="1" ind2="0" tag="245"><subfield code="a">Contribution a l'etude theorique et experimentale des ondes de plasma de surface excitees par voie optique dans des films d argent et d'aluminium et dans de structures multi-couches</subfield><subfield code="b">These</subfield><subfield code="c">J.c. dudek</subfield></datafield><datafield ind1=" " ind2=" " tag="260"><subfield code="a">Paris</subfield><subfield code="b">Universite De Paris</subfield><subfield code="c">1978</subfield></datafield><datafield ind1=" " ind2=" " tag="300"><subfield code="a">115 P</subfield></datafield><datafield ind1=" " ind2=" " tag="852"><subfield code="a">46407</subfield><subfield code="c">533.9</subfield></datafield><datafield ind1=" " ind2=" " tag="CAT"><subfield code="a">Sys</subfield><subfield code="c">20110114</subfield><subfield code="h">133322</subfield></datafield></record></collection>